<?xml version="1.0" encoding="UTF-8"?><collection xmlns="http://www.loc.gov/MARC21/slim"><record><leader>00493nam--2200181-i-4500</leader><controlfield tag="001">000021145</controlfield><controlfield tag="002">20161230</controlfield><controlfield tag="005">20161230201034</controlfield><controlfield tag="008">060222s1000------------r-----000-0-eng-d</controlfield><datafield ind1=" " ind2=" " tag="040"><subfield code="a">IFIN-HH</subfield></datafield><datafield ind1=" " ind2=" " tag="080"><subfield code="a">539.2</subfield></datafield><datafield ind1="1" ind2=" " tag="100"><subfield code="a">Hume-rothery, William</subfield></datafield><datafield ind1="1" ind2="0" tag="245"><subfield code="a">The structure of metals and alooys</subfield><subfield code="c">William hume-rothery, g.v. raynor</subfield></datafield><datafield ind1=" " ind2=" " tag="260"><subfield code="a">London</subfield><subfield code="b">Institute Of Metals</subfield><subfield code="c">1954</subfield></datafield><datafield ind1=" " ind2=" " tag="300"><subfield code="a">VIII + 363 P</subfield></datafield><datafield ind1="1" ind2=" " tag="700"><subfield code="a">Raynor, G.V</subfield></datafield><datafield ind1=" " ind2=" " tag="852"><subfield code="a">10755</subfield><subfield code="c">539.2</subfield></datafield><datafield ind1=" " ind2=" " tag="CAT"><subfield code="a">Sys</subfield><subfield code="c">20120928</subfield><subfield code="h">144426</subfield></datafield></record></collection>